<?xml version = "1.0" encoding = "UTF-8"?><OAI-PMH xmlns="http://www.openarchives.org/OAI/2.0/" xmlns:xsi="http://www.w3.org/2001/XMLSchema-instance" xsi:schemaLocation="http://www.openarchives.org/OAI/2.0/ http://www.openarchives.org/OAI/2.0/OAI-PMH.xsd"><ListRecords><record><header><identifier>aleph-publish:009851873</identifier></header><metadata><record xmlns="http://www.ddb.de/professionell/mabxml/mabxml-1.xsd"><leader>00155vM2.01200024------u</leader><controlfield tag="LDR">00155vM2.01200024------u</controlfield><controlfield tag="FMT">MU</controlfield><datafield tag="001" ind1="-" ind2="1"><subfield code="a">HT005944358</subfield></datafield><datafield tag="001" ind1="-" ind2="2"><subfield code="a">HT005077038</subfield></datafield><datafield tag="002" ind1="a" ind2="1"><subfield code="a">19931226</subfield></datafield><datafield tag="002" ind1="a" ind2="2"><subfield code="a">19991118</subfield></datafield><datafield tag="003" ind1="-" ind2="1"><subfield code="a">20210408073417.0</subfield></datafield><datafield tag="003" ind1="-" ind2="2"><subfield code="a">20230324121600.0</subfield></datafield><datafield tag="010" ind1="-" ind2="1"><subfield code="a">HT005077038</subfield></datafield><datafield tag="020" ind1="a" ind2="2"><subfield code="a">200075-1</subfield><subfield code="b">DNB</subfield></datafield><datafield tag="025" ind1="a" ind2="2"><subfield code="a">011134267</subfield></datafield><datafield tag="025" ind1="z" ind2="2"><subfield code="a">200075-1</subfield></datafield><datafield tag="025" ind1="o" ind2="2"><subfield code="a">231024409</subfield></datafield><datafield tag="026" ind1="-" ind2="2"><subfield code="a">ZDB200075-1</subfield></datafield><controlfield tag="030">h|1uc||||||||</controlfield><datafield tag="036" ind1="a" ind2="2"><subfield code="a">XA-DE</subfield></datafield><datafield tag="037" ind1="b" ind2="2"><subfield code="a">ger</subfield></datafield><datafield tag="060" ind1="-" ind2="2"><subfield code="b">txt</subfield><subfield code="a">Text</subfield></datafield><datafield tag="061" ind1="-" ind2="2"><subfield code="b">n</subfield><subfield code="a">ohne Hilfsmittel zu benutzen</subfield></datafield><datafield tag="062" ind1="-" ind2="2"><subfield code="b">nc</subfield><subfield code="a">Band</subfield></datafield><datafield tag="064" ind1="a" ind2="2"><subfield code="a">Zeitschrift</subfield><subfield code="9">(DE-588)4067488-5</subfield></datafield><datafield tag="064" ind1="a" ind2="2"><subfield code="a">Bibliografie</subfield><subfield code="9">(DE-588)4006432-3</subfield></datafield><datafield tag="070" ind1="-" ind2="1"><subfield code="a">361</subfield></datafield><datafield tag="070" ind1="-" ind2="2"><subfield code="a">9001</subfield></datafield><datafield tag="070" ind1="a" ind2="2"><subfield code="a">DNB</subfield></datafield><datafield tag="070" ind1="b" ind2="2"><subfield code="a">9999</subfield></datafield><datafield tag="073" ind1="-" ind2="2"><subfield code="a">7,30</subfield></datafield><datafield tag="073" ind1="-" ind2="2"><subfield code="a">7,36</subfield></datafield><datafield tag="074" ind1="-" ind2="2"><subfield code="a">ROM</subfield><subfield code="q">DE-5</subfield></datafield><datafield tag="074" ind1="-" ind2="2"><subfield code="a">LING</subfield><subfield code="q">DE-30</subfield></datafield><datafield tag="080" ind1="-" ind2="1"><subfield code="a">60</subfield></datafield><controlfield tag="089">95</controlfield><datafield tag="090" ind1="-" ind2="1"><subfield code="a">95</subfield></datafield><datafield tag="100" ind1="b" ind2="2"><subfield code="p">Gröber, Gustav</subfield><subfield code="d">1844-1911</subfield><subfield code="4">oth</subfield><subfield code="3">Sonstige</subfield><subfield code="9">(DE-588)119126796</subfield></datafield><datafield tag="101" ind1="-" ind2="2"><subfield code="p">Groeber, Gustav</subfield><subfield code="d">1844-1911</subfield></datafield><datafield tag="101" ind1="-" ind2="2"><subfield code="p">Groeber, Max Gustav</subfield><subfield code="d">1844-1911</subfield></datafield><datafield tag="101" ind1="-" ind2="2"><subfield code="p">Gröber, G.</subfield><subfield code="d">1844-1911</subfield></datafield><datafield tag="331" ind1="-" ind2="2"><subfield code="a">Zeitschrift für romanische Philologie</subfield></datafield><datafield tag="375" ind1="e" ind2="2"><subfield code="a">ZrP</subfield><subfield code="f">Nebent. später</subfield></datafield><datafield tag="376" ind1="c" ind2="2"><subfield code="a">Zeitschrift für romanische Philologie</subfield></datafield><datafield tag="405" ind1="-" ind2="2"><subfield code="a">1.1877 - 64.1944; 65.1949 -</subfield></datafield><datafield tag="406" ind1="a" ind2="2"><subfield code="d">1</subfield><subfield code="j">1877</subfield><subfield code="n">64</subfield><subfield code="k">1944</subfield></datafield><datafield tag="406" ind1="b" ind2="2"><subfield code="d">65</subfield><subfield code="j">1949</subfield></datafield><datafield tag="419" ind1="-" ind2="2"><subfield code="a">Berlin [u.a.]</subfield><subfield code="b">&lt;&lt;de&gt;&gt; Gruyter</subfield><subfield code="c">1877-</subfield><subfield code="A">3</subfield></datafield><datafield tag="419" ind1="-" ind2="2"><subfield code="a">Halle</subfield><subfield code="b">Niemeyer</subfield><subfield code="c">1877-1944</subfield></datafield><datafield tag="419" ind1="-" ind2="2"><subfield code="a">Tübingen</subfield><subfield code="b">Neomarius</subfield><subfield code="c">1949</subfield><subfield code="A">2</subfield></datafield><datafield tag="419" ind1="-" ind2="2"><subfield code="a">Tübingen</subfield><subfield code="b">Niemeyer</subfield><subfield code="c">1950-2009</subfield><subfield code="A">2</subfield></datafield><datafield tag="425" ind1="b" ind2="2"><subfield code="a">1877</subfield></datafield><datafield tag="425" ind1="a" ind2="1"><subfield code="a">1979</subfield></datafield><datafield tag="435" ind1="-" ind2="2"><subfield code="a">23 cm</subfield></datafield><datafield tag="501" ind1="-" ind2="2"><subfield code="a">Repr.: Graz : Akad. Dr.- u. Verl.-Anst; Bad Feilnbach : Schmidt Periodicals</subfield></datafield><datafield tag="521" ind1="-" ind2="2"><subfield code="p">Ungezählte Beil.</subfield><subfield code="a">Sonderh.; Sonderbd.</subfield></datafield><datafield tag="523" ind1="-" ind2="2"><subfield code="a">1945 - 1948 nicht ersch. - Ersch. vierteljährl.</subfield></datafield><datafield tag="537" ind1="-" ind2="2"><subfield code="a">S/M!(Umlenk.Beil.)</subfield></datafield><datafield tag="542" ind1="a" ind2="2"><subfield code="a">0049-8661</subfield></datafield><datafield tag="542" ind1="a" ind2="2"><subfield code="a">0049-8661</subfield><subfield code="b">(ISSN-Zentrum für Deutschland)</subfield></datafield><datafield tag="574" ind1="-" ind2="2"><subfield code="a">74,A42,0379</subfield></datafield><datafield tag="583" ind1="-" ind2="2"><subfield code="3">1.1877 -</subfield><subfield code="a">Archivierung/Langzeitarchivierung gewährleistet</subfield><subfield code="c">2022</subfield><subfield code="f">DE-636</subfield><subfield code="z">f eingeschränkte Benutzung</subfield><subfield code="5">DE-18</subfield><subfield code="2">pdager</subfield></datafield><datafield tag="700" ind1="-" ind2="2"><subfield code="a">840</subfield><subfield code="2">DNB</subfield></datafield><datafield tag="700" ind1="-" ind2="2"><subfield code="a">440</subfield><subfield code="2">DNB</subfield></datafield><datafield tag="700" ind1="-" ind2="2"><subfield code="a">840</subfield><subfield code="2">ZDB</subfield></datafield><datafield tag="700" ind1="-" ind2="2"><subfield code="a">850</subfield><subfield code="2">ZDB</subfield></datafield><datafield tag="700" ind1="-" ind2="2"><subfield code="a">860</subfield><subfield code="2">ZDB</subfield></datafield><datafield tag="700" ind1="l" ind2="2"><subfield code="a">250</subfield></datafield><datafield tag="700" ind1="g" ind2="2"><subfield code="a">IA 1000</subfield></datafield><datafield tag="770" ind1="-" ind2="2"><subfield code="i">1878 - 1964 Suppl.</subfield><subfield code="t">Zeitschrift für romanische Philologie / Bibliographie. Bibliographie</subfield><subfield code="d">Tübingen [u.a.] : Niemeyer, 1878-1964</subfield><subfield code="9">HT001366189</subfield></datafield><datafield tag="770" ind1="-" ind2="2"><subfield code="i">Ab 1965 Suppl.</subfield><subfield code="t">Romanische Bibliographie</subfield><subfield code="d">Berlin ; Boston : de @Gruyter, 1965-</subfield><subfield code="x">0080-388X</subfield><subfield code="9">HT001382783</subfield></datafield><datafield tag="770" ind1="-" ind2="2"><subfield code="i">Ab 2000 Beil.</subfield><subfield code="t">Romanische Bibliographie</subfield><subfield code="d">Tübingen : Niemeyer, 2000-2008</subfield><subfield code="h">CD-ROMs</subfield><subfield code="9">HT012873442</subfield></datafield><datafield tag="770" ind1="-" ind2="2"><subfield code="i">Ab 1905 Beil.</subfield><subfield code="t">Beihefte zur Zeitschrift für romanische Philologie</subfield><subfield code="d">Berlin ; Boston, Mass. : De @Gruyter, 1905-</subfield><subfield code="x">0084-5396</subfield><subfield code="9">HT011184454</subfield></datafield><datafield tag="776" ind1="-" ind2="2"><subfield code="i">Digital. Ausg.</subfield><subfield code="t">Zeitschrift für romanische Philologie</subfield><subfield code="d">Tübingen [u.a.] : Niemeyer, 1877-</subfield><subfield code="h">Online-Ressource</subfield><subfield code="x">1865-9063</subfield><subfield code="9">HT013309450</subfield></datafield><datafield tag="776" ind1="-" ind2="2"><subfield code="i">Online-Ausg.</subfield><subfield code="t">Zeitschrift für romanische Philologie</subfield><subfield code="d">Berlin [u.a.] : de Gruyter, 1877-</subfield><subfield code="h">Online-Ressource</subfield><subfield code="x">1865-9063</subfield><subfield code="9">HT015531404</subfield></datafield><datafield tag="902" ind1="-" ind2="2"><subfield code="s">Romanische Sprachen</subfield><subfield code="9">(DE-588)4115788-6</subfield></datafield><datafield tag="907" ind1="-" ind2="2"><subfield code="s">Romanische Sprachen</subfield><subfield code="9">(DE-588)4115788-6</subfield></datafield><datafield tag="907" ind1="-" ind2="2"><subfield code="s">Literatur</subfield><subfield code="9">(DE-588)4035964-5</subfield></datafield><datafield tag="912" ind1="-" ind2="2"><subfield code="s">Romanistik</subfield><subfield code="9">(DE-588)4050484-0</subfield></datafield><datafield tag="917" ind1="-" ind2="2"><subfield code="s">Romanische Sprachen</subfield><subfield code="9">(DE-588)4115788-6</subfield></datafield><datafield tag="919" ind1="-" ind2="2"><subfield code="a">DNB</subfield></datafield><datafield tag="922" ind1="-" ind2="2"><subfield code="s">Romanische Sprachen</subfield><subfield code="9">(DE-588)4115788-6</subfield></datafield><datafield tag="922" ind1="-" ind2="2"><subfield code="s">Literatur</subfield><subfield code="9">(DE-588)4035964-5</subfield></datafield><datafield tag="924" ind1="-" ind2="2"><subfield code="a">DNB</subfield></datafield><datafield tag="927" ind1="-" ind2="2"><subfield code="s">Romanistik</subfield><subfield code="9">(DE-588)4050484-0</subfield></datafield><datafield tag="929" ind1="-" ind2="2"><subfield code="a">ZDB</subfield></datafield><controlfield tag="SYS">009851873</controlfield><datafield tag="952" ind1="-" ind2="2"><subfield code="s">Romanisch</subfield><subfield code="h">Sprachfamilie</subfield></datafield><datafield tag="957" ind1="-" ind2="2"><subfield code="s">Romanisch</subfield><subfield code="h">Sprachfamilie</subfield></datafield><datafield tag="957" ind1="-" ind2="2"><subfield code="s">Belletristik</subfield></datafield><datafield tag="957" ind1="-" ind2="2"><subfield code="s">Dichtung</subfield><subfield code="h">Literatur</subfield></datafield><datafield tag="957" ind1="-" ind2="2"><subfield code="s">Schöne Literatur</subfield></datafield><datafield tag="957" ind1="-" ind2="2"><subfield code="s">Sprachkunst</subfield></datafield><datafield tag="957" ind1="-" ind2="2"><subfield code="s">Wortkunst</subfield></datafield><datafield tag="962" ind1="-" ind2="2"><subfield code="s">Romanische Philologie</subfield></datafield><datafield tag="967" ind1="-" ind2="2"><subfield code="s">Romanisch</subfield><subfield code="h">Sprachfamilie</subfield></datafield><datafield tag="972" ind1="-" ind2="2"><subfield code="s">Romanisch</subfield><subfield code="h">Sprachfamilie</subfield></datafield><datafield tag="972" ind1="-" ind2="2"><subfield code="s">Belletristik</subfield></datafield><datafield tag="972" ind1="-" ind2="2"><subfield code="s">Dichtung</subfield><subfield code="h">Literatur</subfield></datafield><datafield tag="972" ind1="-" ind2="2"><subfield code="s">Schöne Literatur</subfield></datafield><datafield tag="972" ind1="-" ind2="2"><subfield code="s">Sprachkunst</subfield></datafield><datafield tag="972" ind1="-" ind2="2"><subfield code="s">Wortkunst</subfield></datafield><datafield tag="977" ind1="-" ind2="2"><subfield code="s">Romanische Philologie</subfield></datafield><datafield tag="088" ind1=" " ind2=" "><subfield code="a">361</subfield><subfield code="b">15_Zs</subfield><subfield code="c">NA000 Z540[95</subfield><subfield code="e">ILL Kopie+Ausl.</subfield></datafield></record></metadata></record></ListRecords></OAI-PMH>